{% set metadata = obj.metadata %}
{% set parent_metadata = obj.get_parent().metadata %}
<?xml version="1.0" encoding="UTF-8"?>
<collection xmlns="http://www.loc.gov/MARC21/slim">
    <record>

        <leader>     nab a22      a 4500</leader>
        <controlfield tag="008">160120s2015    gw            000   ger d</controlfield>

        <datafield tag="100" ind1="1" ind2=" ">
            <subfield code="a">{{metadata['author'][0]['firstname']}} {{metadata['author'][0]['lastname']}}</subfield>
        </datafield>

        <datafield tag="245" ind1="1" ind2="0">
            <subfield code="a">{{metadata['title']}}</subfield>
            <subfield code="b"></subfield>
            <subfield code="c">
                {%- for author_item in metadata['author'] -%}
                    {{author_item['firstname']}} {{author_item['lastname']}}{%- if not loop.last %}, {% endif %}
                {% endfor -%}
            </subfield>
        </datafield>

        <datafield tag="260" ind1=" " ind2=" ">
            <subfield code="a">München :</subfield>
            <subfield code="b">Beck,</subfield>
            <subfield code="c">{{metadata['year']}}</subfield>
        </datafield>

        <datafield tag="300" ind1=" " ind2=" ">
            <subfield code="a">{{metadata['pages'].startPrint}}-{{metadata['pages'].endPrint}}</subfield>
        </datafield>

        <datafield tag="504" ind1=" " ind2=" ">
            <subfield code="a">includes bibliographical references.</subfield>
        </datafield>

        <datafield tag="590" ind1=" " ind2=" ">
            <subfield code="a">arom</subfield>
        </datafield>

        <datafield tag="590" ind1=" " ind2=" ">
            <subfield code="a">#loadchiron</subfield>
        </datafield>

        <datafield tag="LKR" ind1=" " ind2=" ">
            <subfield code="a">ANA</subfield>
            <subfield code="b">(manuell: ID des Bandes)</subfield>
            <subfield code="l">DAI01</subfield>
            <subfield code="n">Chiron. Mitteilungen der Kommission für Alte Geschichte und Epigraphik des Deutschen Archäologischen Instituts, {{parent_metadata['volume']}} {{parent_metadata['year']}}</subfield>
            <subfield code="m">{{metadata['title']}}</subfield>
        </datafield>

    </record>
</collection>
